@Book{stf,author="Heinrich, M.",title="Transport- und Lagerlogistik: Planung, Struktur, Steuerung und Kosten von Systemen der Intralogistik",

publisher="Vieweg + Teubner Verlag",year=2009
}


@Book{fts,author="Ulrich, G.",title="Fahrerlose Transportsysteme",

publisher="Vieweg + Teubner Verlag",year=2011
}



@Misc{ieft,
  author="www.transportlogistic.de",
  title="{Intralogistik – modulare, flexible Systeme für effiziente, transparente und zukunftsfähige Prozesse}",
  howpublished ={\url{http://www.transportlogistic.de/link/de/26917546}},
  year=2013
}